@online{itagi:unittest,
  title = {Unit-Test},
  url = {http://www.thur.de/philo/notizen/Kernspinresonanz.pdf},
  urldate = {2016-05-29}
}
